@misc{Bishop:2004aa,
 Author = {Bishop, S. },
 Date = {2004/12/30/},
 Date-Added = {2016-01-27 19:24:47 +0000},
 Date-Modified = {2016-01-27 19:24:47 +0000},
 Day = {30},
 Month = {12},
 Publisher = {Google Patents},
 Title = {Method and system for conducting fantasy sports games on a wide area computer network},
 Ty = {GEN},
 Url = {https://www.google.com/patents/US20040266530},
 Year = {2004},
 Bdsk-Url-1 = {https://www.google.com/patents/US20040266530}}

@misc{football_data,
 Author = {Football-Data},
 Date-Added = {2016-02-26 11:12:01 +0000},
 Date-Modified = {2016-02-26 11:12:01 +0000},
 Title = {Football-Data.co.uk},
 Url = {http://football-data.co.uk/}}

@inproceedings{Ivankovic:2010aa,
 Author = {Ivankovi{\'c}, Z and Rackovi{\'c}, M and Markoski, Branko and Radosav, D and Ivkovi{\'c}, M},
 Date-Added = {2016-01-27 18:31:03 +0000},
 Date-Modified = {2016-01-27 18:31:03 +0000},
 Isbn = {1424492793},
 Journal = {Computational Intelligence and Informatics (CINTI), 2010 11th International Symposium on},
 Pages = {251--256},
 Publisher = {IEEE},
 Title = {Analysis of basketball games using neural networks},
 Ty = {CONF},
 Year = {2010}}

@article{Sugar:aa,
 Author = {Sugar, Glenn and Swenson, Travis},
 Date-Added = {2016-01-27 17:43:41 +0000},
 Date-Modified = {2016-01-27 17:43:41 +0000},
 Title = {Predicting Optimal Game Day Fantasy Football Teams},
 Ty = {JOUR}}

@article{Albert:2008aa,
 Author = {Albert, Jim},
 Date-Added = {2016-01-27 06:10:54 +0000},
 Date-Modified = {2016-01-27 06:10:54 +0000},
 Isbn = {1559-0410},
 Journal = {Journal of Quantitative Analysis in Sports},
 Number = {1},
 Title = {Streaky hitting in baseball},
 Ty = {JOUR},
 Volume = {4},
 Year = {2008}}

@article{Gilovich:1985aa,
 Author = {Gilovich, Thomas and Vallone, Robert and Tversky, Amos},
 Date-Added = {2016-01-27 06:08:32 +0000},
 Date-Modified = {2016-01-27 06:08:32 +0000},
 Isbn = {0010-0285},
 Journal = {Cognitive psychology},
 Number = {3},
 Pages = {295--314},
 Publisher = {Elsevier},
 Title = {The hot hand in basketball: On the misperception of random sequences},
 Ty = {JOUR},
 Volume = {17},
 Year = {1985}}

@article{Rotshtein:2005aa,
 Author = {Rotshtein, Alexander P and Posner, Morton and Rakityanskaya, AB},
 Date-Added = {2016-01-27 05:41:01 +0000},
 Date-Modified = {2016-01-27 05:41:01 +0000},
 Isbn = {1060-0396},
 Journal = {Cybernetics and Systems Analysis},
 Number = {4},
 Pages = {619--630},
 Publisher = {Springer},
 Title = {Football predictions based on a fuzzy model with genetic and neural tuning},
 Ty = {JOUR},
 Volume = {41},
 Year = {2005}}

@article{Rue:2000aa,
 Author = {Rue, Havard and Salvesen, Oyvind},
 Date-Added = {2016-01-27 05:34:52 +0000},
 Date-Modified = {2016-01-27 05:34:52 +0000},
 Isbn = {1467-9884},
 Journal = {Journal of the Royal Statistical Society: Series D (The Statistician)},
 Number = {3},
 Pages = {399--418},
 Publisher = {Wiley Online Library},
 Title = {Prediction and retrospective analysis of soccer matches in a league},
 Ty = {JOUR},
 Volume = {49},
 Year = {2000}}

@inproceedings{Trawinski:2010aa,
 Author = {Trawi{\'n}ski, Krzysztof},
 Date-Added = {2016-01-27 05:11:54 +0000},
 Date-Modified = {2016-01-27 05:11:54 +0000},
 Isbn = {1424469198},
 Journal = {Fuzzy Systems (FUZZ), 2010 IEEE International Conference on},
 Pages = {1--7},
 Publisher = {IEEE},
 Title = {A fuzzy classification system for prediction of the results of the basketball games},
 Ty = {CONF},
 Year = {2010}}

@article{Cao:2012aa,
 Author = {Cao, Chenjie},
 Date-Added = {2016-01-27 05:08:40 +0000},
 Date-Modified = {2016-01-27 05:08:40 +0000},
 Publisher = {Dublin Institute of Technology},
 Title = {Sports data mining technology used in basketball outcome prediction},
 Ty = {JOUR},
 Year = {2012}}

@inproceedings{Buursma:2011aa,
 Author = {Buursma, D},
 Date-Added = {2016-01-27 05:06:08 +0000},
 Date-Modified = {2016-01-27 05:06:08 +0000},
 Journal = {Conference Paper, presented at 14th Twente Student Conference on IT, Twente, Holland},
 Title = {Predicting sports events from past results Towards effective betting on football matches},
 Ty = {CONF},
 Volume = {21},
 Year = {2011}}

@inbook{Zdravevski:2010aa,
 Author = {Zdravevski, Eftim and Kulakov, Andrea},
 Booktitle = {ICT Innovations 2009},
 Date-Added = {2016-01-27 05:01:06 +0000},
 Date-Modified = {2016-01-27 05:01:06 +0000},
 Isbn = {364210780X},
 Pages = {55--63},
 Publisher = {Springer},
 Title = {System for Prediction of the Winner in a Sports Game},
 Ty = {CHAP},
 Year = {2010}}

@inproceedings{McCabe:2008aa,
 Author = {McCabe, Alan and Trevathan, Jarrod},
 Date-Added = {2016-01-27 04:58:16 +0000},
 Date-Modified = {2016-01-27 04:58:16 +0000},
 Isbn = {0769530990},
 Journal = {Information Technology: New Generations, 2008. ITNG 2008. Fifth International Conference on},
 Pages = {1194--1197},
 Publisher = {IEEE},
 Title = {Artificial Intelligence in sports prediction},
 Ty = {CONF},
 Year = {2008}}

@article{Haghighat:2013aa,
 Author = {Haghighat, Maral and Rastegari, Hamid and Nourafza, Nasim},
 Date-Added = {2016-01-27 04:24:57 +0000},
 Date-Modified = {2016-01-27 04:24:57 +0000},
 Isbn = {2322-5157},
 Journal = {Advances in Computer Science: an International Journal},
 Number = {5},
 Pages = {7--12},
 Title = {A review of data mining techniques for result prediction in sports},
 Ty = {JOUR},
 Volume = {2},
 Year = {2013}}

@article{Edmans:2007aa,
 Author = {Edmans, Alex and Garcia, Diego and Norli, {\O}yvind},
 Date-Added = {2016-01-27 04:14:19 +0000},
 Date-Modified = {2016-01-27 04:14:19 +0000},
 Isbn = {1540-6261},
 Journal = {The Journal of Finance},
 Number = {4},
 Pages = {1967--1998},
 Publisher = {Wiley Online Library},
 Title = {Sports sentiment and stock returns},
 Ty = {JOUR},
 Volume = {62},
 Year = {2007}}

@article{Owen:2015aa,
 Author = {Owen, Adam and Dunlop, Gordon and Rouissi, Mehdi and Chtara, Moktar and Paul, Darren and Zouhal, Hassane and Wong, Del P},
 Date-Added = {2016-01-27 04:06:28 +0000},
 Date-Modified = {2016-01-27 04:06:28 +0000},
 Isbn = {0264-0414},
 Journal = {Journal of sports sciences},
 Number = {20},
 Pages = {2100--2105},
 Publisher = {Taylor \& Francis},
 Title = {The relationship between lower-limb strength and match-related muscle damage in elite level professional European soccer players},
 Ty = {JOUR},
 Volume = {33},
 Year = {2015}}

@article{Carling:2012aa,
 Author = {Carling, Christopher and Le Gall, F and Dupont, G},
 Date-Added = {2016-01-27 04:04:48 +0000},
 Date-Modified = {2016-01-27 04:04:48 +0000},
 Isbn = {0172-4622},
 Journal = {International journal of sports medicine},
 Number = {1},
 Pages = {36--42},
 Title = {Are Physical Performance and Injury Risk in a Professional Soccer Team in Match-Play Affected Ower a Prolonged Period of Fixture Congestion?},
 Ty = {JOUR},
 Volume = {33},
 Year = {2012}}

@article{Davenport:2010aa,
 Author = {Davenport, Thomas H and Harris, Jeanne and Shapiro, Jeremy},
 Date-Added = {2016-01-27 04:02:10 +0000},
 Date-Modified = {2016-01-27 04:02:10 +0000},
 Journal = {Harvard Business Review},
 Number = {10},
 Pages = {52--58},
 Title = {Competing on talent analytics},
 Ty = {JOUR},
 Volume = {88},
 Year = {2010}}

@article{Redwood-Brown:2012aa,
 Author = {Redwood-Brown, A and Cranton, W and Sunderland, C},
 Date-Added = {2016-01-27 03:58:00 +0000},
 Date-Modified = {2016-01-27 03:58:00 +0000},
 Isbn = {0172-4622},
 Journal = {International journal of sports medicine},
 Number = {8},
 Pages = {635},
 Title = {Validation of a real-time video analysis system for soccer},
 Ty = {JOUR},
 Volume = {33},
 Year = {2012}}

@inbook{Sykora2015,
 Address = {Cham},
 Author = {Sykora, Martin and Chung, Paul Wai Hing and Folland, Jonathan P. and Halkon, Benjamin J. and Edirisinghe, Eran A.},
 Chapter = {Advances in Sports Informatics Research},
 Date-Added = {2016-01-27 03:55:32 +0000},
 Date-Modified = {2016-01-27 19:10:21 +0000},
 Doi = {10.1007/978-3-319-13153-5_26},
 Editor = {Phon-Amnuaisuk, Somnuk and Au, Wan Thien},
 Isbn = {978-3-319-13153-5},
 Pages = {265--274},
 Publisher = {Springer International Publishing},
 Title = {Computational Intelligence in Information Systems: Proceedings of the Fourth INNS Symposia Series on Computational Intelligence in Information Systems (INNS-CIIS 2014)},
 Year = {2015},
 Bdsk-Url-1 = {http://dx.doi.org/10.1007/978-3-319-13153-5_26}}

@article{coach,
 Author = {Balduck, Anne-Line and Buelens, Marc and Philippaerts, Renaat},
 Date-Added = {2016-01-27 03:34:25 +0000},
 Date-Modified = {2016-01-27 03:34:32 +0000},
 Isbn = {0270-1367},
 Journal = {Research quarterly for exercise and sport},
 Number = {3},
 Pages = {379--383},
 Publisher = {Taylor \& Francis},
 Title = {Short-term effects of midseason coach turnover on team performance in soccer},
 Ty = {JOUR},
 Volume = {81},
 Year = {2010}}

@inproceedings{goal_detection,
 Author = {Chen, Shu-Ching and Shyu, Mei-Ling and Chen, Min and Zhang, Chengcui},
 Date-Added = {2016-01-27 03:32:26 +0000},
 Date-Modified = {2016-01-27 03:33:25 +0000},
 Isbn = {0780386035},
 Journal = {Multimedia and Expo, 2004. ICME'04. 2004 IEEE International Conference on},
 Pages = {265--268},
 Publisher = {IEEE},
 Title = {A decision tree-based multimodal data mining framework for soccer goal detection},
 Ty = {CONF},
 Volume = {1},
 Year = {2004}}

@inbook{offence_patterns,
 Author = {Van Haaren, Jan and Dzyuba, Vladimir and Hannosset, Siebe and Davis, Jesse},
 Booktitle = {Advances in Intelligent Data Analysis XIV},
 Date-Added = {2016-01-27 03:32:20 +0000},
 Date-Modified = {2016-01-27 03:32:37 +0000},
 Isbn = {3319244647},
 Pages = {286--297},
 Publisher = {Springer},
 Title = {Automatically Discovering Offensive Patterns in Soccer Match Data},
 Ty = {CHAP},
 Year = {2015}}

@inbook{textbook,
 Address = {Boston, MA},
 Author = {Schumaker, Robert P. and Solieman, Osama K. and Chen, Hsinchun},
 Chapter = {Predictive Modeling for Sports and Gaming},
 Date-Added = {2016-01-27 03:22:28 +0000},
 Date-Modified = {2016-01-27 19:09:40 +0000},
 Doi = {10.1007/978-1-4419-6730-5_6},
 Isbn = {978-1-4419-6730-5},
 Pages = {55--63},
 Publisher = {Springer US},
 Title = {Sports Data Mining},
 Year = {2010},
 Bdsk-Url-1 = {http://dx.doi.org/10.1007/978-1-4419-6730-5_6}}


